@article{pandit2024dpv,
  title={{Data Privacy Vocabulary ({DPV}) -- Version 2.0}},
  author={Pandit, Harshvardhan J and Esteves, Beatriz and Krog, Georg P and Ryan, Paul and Golpayegani, Delaram and Flake, Julian},
  journal={23rd International Semantic Web Conference (ISWC) (to appear - preprint \url{https://doi.org/10.48550/arXiv.2404.13426})},
  year={2024}
}

@misc{iannella_odrl_2018,
	title = {{ODRL Information Model 2.2}},
	url = {https://www.w3.org/TR/odrl-model/},
	titleaddon = {{ODRL} Information Model 2.2},
	type = {W3C Recommendation 15 February 2018},
	author = {Iannella, Renato and Villata, Serena},
	urldate = {2023-06-21},
	year = {2018},
}

@misc{albertoni_dcat_2024,
	type = {{W3C} {Recommendation} 22 {August} 2024},
	title = {Data {Catalog} {Vocabulary} ({DCAT}) -- {Version} 3},
	url = {https://www.w3.org/TR/vocab-dcat-3/},
	author = {Albertoni, Riccardo and Browning, David and Cox, Simon and Beltran, Alejandra Gonzalez and Perego, Andrea and Winstanley, Peter},
	year = {2024},
}

@misc{dcmi_2020,
	title = {{DCMI} {Metadata} {Terms}},
	url = {https://www.dublincore.org/specifications/dublin-core/dcmi-terms/},
	year = {2020},
}

@misc{lebo_prov_2013,
	type = {{W3C} {Recommendation}},
	title = {{PROV}-{O}: {The} {PROV} {Ontology}},
	url = {https://www.w3.org/TR/prov-o/},
	author = {Lebo, Timothy and Sahoo, Satya and McGuinness, Deborah},
	collaborator = {Belhajjame, Khalid and Cheney, James and Corsar, David and Garijo, Daniel and Soiland-Reyes, Stian and Zednik, Stephan and Zhao, Jun},
	year = {2013},
}

@misc{gdpr,
	title = {Regulation ({EU}) 2016/679 of the {European} {Parliament} and of the {Council} of 27 {April} 2016 on the protection of natural persons with regard to the processing of personal data and on the free movement of such data, and repealing {Directive} 95/46/{EC} ({General} {Data} {Protection} {Regulation})},
	url = {https://eur-lex.europa.eu/eli/reg/2016/679/oj},
	year = {2018},
}

@incollection{bernes_enhancing_2022,
	address = {Singapore},
	title = {Enhancing {Transparency} of {Data} {Processing} and {Data} {Subject}â€™s {Rights} {Through} {Technical} {Tools}: {The} {PIMS} and {PDS} {Solution}},
	isbn = {9789811630491},
	url = {https://doi.org/10.1007/978-981-16-3049-1_17},
	booktitle = {Privacy and {Data} {Protection} in {Software} {Services}},
	publisher = {Springer},
	author = {Bernes, Alessandro},
	editor = {Senigaglia, Roberto and Irti, Claudia and Bernes, Alessandro},
	year = {2022},
	doi = {10.1007/978-981-16-3049-1_17},
	pages = {197--208},
}
